<record xmlns="http://www.loc.gov/MARC21/slim" xmlns:xsi="http://www.w3.org/2001/XMLSchema-instance" xsi:schemaLocation="http://www.loc.gov/MARC21/slim http://www.loc.gov/standards/marcxml/schema/MARC21slim.xsd">

  <leader>00554nam a2200169Ia 4500</leader>
  <datafield ind2=" " tag="999" ind1=" ">
    <subfield code="c">944</subfield>
    <subfield code="d">944</subfield>
  </datafield>
  <controlfield tag="008">170912b2006    cr ||||| |||| 00| | spa d</controlfield>
  <datafield ind1=" " ind2=" " tag="020">
    <subfield code="a">9977110336</subfield>
  </datafield>
  <datafield tag="090" ind2=" " ind1=" ">
    <subfield code="a">19.01.02 </subfield>
    <subfield code="b">1502</subfield>
  </datafield>
  <datafield ind1="2" ind2=" " tag="110">
    <subfield code="a">FUNDACIÓN OMAR DENGO (COSTA RICA)</subfield>
    <subfield code="9">1211</subfield>
  </datafield>
  <datafield ind1="1" tag="245" ind2="0">
    <subfield code="a">Educación y tecnologías digitales. Cómo valorar su impacto social y sus contribuciones a la equidad / </subfield>
    <subfield code="c">Fundación Omar Dengo</subfield>
  </datafield>
  <datafield tag="260" ind2=" " ind1=" ">
    <subfield code="a">San José, Costa Rica : </subfield>
    <subfield code="b">Fundación Omar Dengo, </subfield>
    <subfield code="c">2006</subfield>
  </datafield>
  <datafield ind1=" " tag="300" ind2=" ">
    <subfield code="a">112 páginas</subfield>
  </datafield>
  <datafield ind2="4" tag="650" ind1="1">
    <subfield code="a">TECNOLOGÍA DE LA INFORMACIÓN </subfield>
    <subfield code="9">484</subfield>
  </datafield>
  <datafield ind1="1" tag="650" ind2="4">
    <subfield code="a">COMUNICACIÓN</subfield>
    <subfield code="9">150</subfield>
  </datafield>
  <datafield tag="650" ind2="4" ind1="1">
    <subfield code="a">PROGRAMAS DE ENSEÑANZA</subfield>
    <subfield code="9">818</subfield>
  </datafield>
  <datafield ind1="1" tag="650" ind2="4">
    <subfield code="a">EQUIDAD</subfield>
    <subfield code="9">343</subfield>
  </datafield>
  <datafield ind2=" " tag="942" ind1=" ">
    <subfield code="2">z</subfield>
    <subfield code="c">01</subfield>
  </datafield>
</record>